<?xml version="1.0" encoding="UTF-8"?><record xmlns="http://www.loc.gov/MARC21/slim" xmlns:cinclude="http://apache.org/cocoon/include/1.0" xmlns:zs="http://www.loc.gov/zing/srw/">
  <leader>00531nz  a2200133n  4500</leader>
  <controlfield tag="001">nr 00000490 </controlfield>
  <controlfield tag="003">DLC</controlfield>
  <controlfield tag="005">20000108013613.0</controlfield>
  <controlfield tag="008">000106n| acannaabn          |a ana     c</controlfield>
  <datafield tag="010" ind1=" " ind2=" ">
    <subfield code="a">nr 00000490 </subfield>
  </datafield>
  <datafield tag="040" ind1=" " ind2=" ">
    <subfield code="a">NIC</subfield>
    <subfield code="b">eng</subfield>
    <subfield code="c">NIC</subfield>
  </datafield>
  <datafield tag="110" ind1="1" ind2=" ">
    <subfield code="a">Indonesia.</subfield>
    <subfield code="b">Direktorat Bina Karang Taruna</subfield>
  </datafield>
  <datafield tag="410" ind1="1" ind2=" ">
    <subfield code="a">Indonesia.</subfield>
    <subfield code="b">Direktorat Jenderal Bina Kesejahteraan Sosial.</subfield>
    <subfield code="b">Direktorat Bina Karang Taruna</subfield>
  </datafield>
  <datafield tag="670" ind1=" " ind2=" ">
    <subfield code="a">Buku panduan Karang Taruna, 1990:</subfield>
    <subfield code="b">t.p. (Direktorat Bina Karang Taruna, Direktorat Jenderal Bina Kesejahteraan Sosial, Departemen Sosial R.I.)</subfield>
  </datafield>
</record>